@book{Ross,
	title = {Elementary Analysis, The Theory of Calculus, Second Edition},
	author = {Kenneth A. Ross},
	publisher = {Springer},
	isbn = {9781461462705},
	year = {2013},


}
