@misc{gratwick_2023_HCoV,
  author = {Gratwick, Richard},
  month = {01},
  publisher = {The University of Edinburgh},
  title = {Honours Complex Variables},
  urldate = {2024-01-19},
  year = {2024}
}
