@misc{gratwick_2023_HCoV,
  author = {Gratwick, Richard},
  month = {01},
  publisher = {The University of Edinburgh},
  title = {Honours Complex Variables},
  urldate = {2024-01-19},
  year = {2024}
}

@book{theoryOfFunctions,
	author = {C. Cartheodory},
	translator = {F. Steinhardt},
	title = {Theory of Functions of a Complex Variable},
	year = {1954},
	publisher = {Chelsea Publishing Company},
	location = {New York}
}

@misc{DrawingWithComplexNumbers,
	author = "Eastwood, Michael and Penrose, Roger",
	title = {Drawing with Complex Numbers},
	year = {2000},
	url = {arXiv:math/0001097v1},
}`
