% @inproceedings{lesk:1977,
%   title={Computer Typesetting of Technical Journals on {UNIX}},
%   author={Michael Lesk and Brian Kernighan},
%   booktitle={Proceedings of American Federation of
%              Information Processing Societies: 1977
%              National Computer Conference},
%   pages={879--888},
%   year={1977},
%   address={Dallas, Texas}
% }
% @article{knuth:1984,
%   title={Literate Programming}.
%   author={Donald E. Knuth},
%   journal={The Computer Journal},
%   volume={27},
%   number={2},
%   pages={97--111},
%   year={1984},
%   publisher={Oxford University Press}
% }

% All possible entries are 
% article, book, booklet, conference, inbook, incollection, inproceedings, manual, mastersthesis, misc, phdthesis, proceedings, techreport, unpublished
% Possible fields are 
% address, annote, author, booktitle, chapter, crossref, edition, editor, howpublished, institution, journal, key, month, note, number, organization, pages, publisher, school, series, title, type, volume, year, url, doi, isbn, issn


@misc {Ovid,
	author = {Ovid},
	title = {Metamorphoses  Liber Primus},
	url = {https://www.thelatinlibrary.com/ovid/ovid.artis1.shtml}
}
        